@article{yzhuang,
  author    = "Y. Zhuang and Z. Shen and Z. Syed and J. Georgey and N. El-Sheimy",
  title     = "Autonomous WLAN heading and position for Smartphones",
  journal	= "Proc. IEEE/ION Position, Location Navigat. Symp (PLANS)",
  pages     = "1113-1121",
  year      = "May 2014",    
  
}

@article{yzhou,
  author    = "Y. Zhou and C.L. Law and Y.L. Guan and F. Chin",
  title     = "Indoor elliptical localization based on asynchronous UWB range measurement",
  journal	= "IEEE Trans. Instrum. Meas., vol.60, no. 1",
  pages     = "248-257",
  year      = "Jan 2011",    
  
}

@article{arjimenez,
  author    = "A.R. Jimenez and F. Seco",
  title     = "Comparing decawave and bespoon UWB location systems: Indoor/outdoor performance analysis",
  journal	= "Proc. Int. Conf. Indoor Positioning Indoor Navigat. (IPIN)",
  pages     = "1-18",
  year      = "Oct 2016",    
  
}

@article{yzhuang2,
  author    = "Y. Zhuang and Z. Shen and Z. Syed and J. Georgey and N. El-Sheimy",
  title     = "Autonomous WLAN heading and position for Smartphones",
  journal	= "Pervasive Mobile Comput., vol. 18",
  pages     = "118-136",
  year      = "Apr 2015",    
  
}

@article{aspaul,
  author    = "A. S. Paul and E. A. Wan",
  title     = "Wi-Fi based indoor localization and tracking using sigma-point Kalman Filtering methods",
  journal	= "Proc. IEEE/ION Position, Location Navigat. Symp. (PLNS)",
  pages     = "646-659",
  year      = "May 2008",    
  
}

@article{mnhusen,
  author    = "M. N. Husen and S. Lee",
  title     = "Indoor location sensing with invariant Wi-Fi received signal strength Fingerprinting",
  journal	= "Sensors, vol. 16, no. 11",
  pages     = "1898",
  year      = "2016",    
  
}

@article{dfllorca,
  author    = "D. F. Llorca and M. A. Sotelo and I. Parra and M. Ocaña and L. M. Bergasa",
  title     = "Error analysis in a stereo vision-based pedestrian detection sensor for
collision avoidance applications",
  journal	= "Sensors, vol. 10, no. 4",
  pages     = "3741-3758",
  year      = "2010",    
  
}

@article{nparnian,
  author    = "N. Parnian and F. Golnaraghi",
  title     = "Integration of a multi-camera vision
system and strapdown inertial navigation system (SDINS) with a
modified Kalman Filter",
  journal	= "Sensors, vol. 10, no. 6",
  pages     = "5378-5394",
  year      = "2010",    
  
}

@article{sykim,
  author    = "S. Y. Kim and K. S. Yoon and D. H. Lee and M. H. Lee",
  title     = "The localization of
a mobile robot using a pseudolite ultrasonic system and a dead reckoning
integrated system",
  journal	= "Int. J. Control, Automat. Syst., vol. 9, no. 2",
  pages     = "339",
  year      = "Apr 2011",    
  
}

@article{mhazas,
  author    = "M. Hazas and A. Hopper",
  title     = "Broadband ultrasonic location systems for
improved indoor positioning",
  journal	= "IEEE Trans. Mobile Comput., vol. 5, no. 5",
  pages     = "536-547",
  year      = "May 2006",    
  
}

@article{dsobers,
  author    = "D. Sobers and S. Yamaura and E. Johnson",
  title     = "Laser-aided inertial navigation
for self-contained autonomous indoor flight",
  journal	= "Proc. AIAA Guid., Navi-
gat., Control Conf. (GNC)",
  pages     = "8211",
  year      = "Aug 2010",    
  
}

@article{saab,
  author    = "S. S. Saab and Z. S. Nakad",
  title     = "A standalone RFID indoor positioning
system using passive tags",
  journal	= "IEEE Trans. Ind. Electron., vol. 58, no. 5",
  pages     = "1961-1970",
  year      = "May 2011",    
  
}

@article{shouse,
  author    = "S. House and S. Connell and I. Milligan and D. Austin and T. L. Hayes and
P. Chiang",
  title     = "Indoor localization using pedestrian dead reckoning updated
with RFID-based fiducials",
  journal	= "Proc. Annu. Int. Conf. IEEE Eng. Med.
Biol. Soc. (EMBC)",
  pages     = "7598-7601",
  year      = "Aug./Sep. 2011",    
  
}

@article{arjruiz,
  author    = "A. R. J. Ruiz and F. S. Granja and J. C. P. Honorato and and J. I. G. Rosas",
  title     = "Accurate
pedestrian indoor navigation by tightly coupling foot-mounted IMU
and RFID measurements",
  journal	= "IEEE Trans. Instrum. Meas., vol. 61, no. 1",
  pages     = "178-189",
  year      = "Jan 2012",    
  
}

@article{jhuang,
  author    = "J. Huang and X. Yu, Y. Wang and X. Xiao",
  title     = "An integrated wireless wearable
sensor system for posture recognition and indoor localization",
  journal	= "Sensors,
vol. 16, no. 11",
  pages     = "1825",
  year      = "2016",    
  
}

@article{arjimenez2,
  author    = "A. R. Jiménez and F. Seco, F. Zampella and J. C. Prieto and J. Guevara",
  title     = "PDR
with a foot-mounted IMU and ramp detection",
  journal	= "Sensors, vol. 11, no. 10",
  pages     = "9393-9410",
  year      = "2011",    
  
}

@article{hyang,
  author    = "H. Yang",
  title     = "Smartphone-based indoor localization system using inertial
sensor and acoustic transmitter/receiver",
  journal	= "IEEE Sensors J., vol. 16,
no. 22",
  pages     = "8051-8061",
  year      = "Nov 2016",    
  
}

@article{jbenikovsky,
  author    = "J. Benikovsky and P. Brida and J. Machaj",
  title     = "Localization in real GSM network
with Fingerprinting utilization",
  journal	= "Proc. Int. Conf. Mobile Lightweight
Wireless Syst",
  pages     = "699-709",
  year      = "2010",    
  
}

@article{votsason,
  author    = "V. Otsason and A. Varshavsky and A. LaMarca and E. de Lara",
  title     = "Accurate
GSM indoor localization",
  journal	= "Proc. Int. Conf. Ubiquitous Comput",
  pages     = "141-158",
  year      = "2005",    
  
}

@article{rgorak,
  author    = "R. Górak and M. Luckner and M. Okulewicz and J. Porter-Sobieraj and
P. Wawrzyniak",
  title     = "Indoor localisation based on GSM signals: Multistorey
building study",
  journal	= "Mobile Inf. Syst., vol. 2016 Art. no. 2719576",
  year      = "Mar 2016",    
  
}

@article{votsason2,
  author    = "V. Otsason and A. Varshavsky and A. LaMarca and E. de Lara",
  title     = "Accurate
GSM indoor localization",
  journal	= "Proc. Int. Conf. Ubiquitous Comput",
  pages     = "141-158",
  year      = "2005",    
  
}

@article{avarshavsky,
  author    = "A. Varshavsky and E. de Lara and J. Hightower and A. LaMarca and V. Otsason",
  title     = "GSM indoor localization",
  journal	= "Pervasive Mobile Comput., vol. 3, no. 6",
  pages     = "698-720",
  year      = "2007",    
  
}

@article{rzhang,
  author    = "R. Zhang and A. Bannoura and F. Höflinger and L. M. Reindl and C. Schindelhauer",
  title     = "Indoor localization using a smart phone",
  journal	= "Proc. IEEE Sensors Appl.
Symp. Proc. (SAS)",
  pages     = "38-42",
  year      = "Feb 2013",    
  
}

@article{yliu,
  author    = "Y. Liu and M. Dashti and M. A. A. Rahman and J. Zhang",
  title     = "Indoor localization
using smartphone inertial sensors",
  journal	= "Proc. 11th Workshop Positioning,
Navigat. Commun. (WPNC)",
  pages     = "1-6",
  year      = "Mar 2014",    
  
}

@article{hsu,
  author    = "H.-H. Hsu and J.-K. Chang and W.-J. Peng and T. K. Shih and T.-W. Pai and K. L. Man",
  title     = "Indoor localization and navigation using smartphone sensory data",
  journal	= "Ann.
Oper. Res., vol. 265",
  pages     = "187-204",
  year      = "2018",    
  
}

@article{emartin,
  author    = "E. Martin and O. Vinyals and G. Friedland and R. Bajcsy",
  title     = "Precise indoor
localization using smart phones",
  journal	= "Proc. 18th ACM Int. Conf. Multime-
dia (ICM)",
  pages     = "787-790",
  year      = "Oct 2010",    
  
}

@article{wifibased,
  author    = "Chouchang Yang and Huai-Rong Shao",
  title     = "WiFi-Based Indoor Positioning",
  journal 	= "IEEE Communications Magazine",
  pages     = "150",
  year      = "March 2015",    
  
}

@article{wifiapproach,
  author    = "Chouchang Yang and Huai-Rong Shao",
  title     = "WiFi-Based Indoor Positioning",
  journal 	= "IEEE Communications Magazine",
  pages     = "150-151",
  year      = "March 2015",    
  
}

@article{toaerror,
  author    = "Chouchang Yang and Huai-Rong Shao",
  title     = "WiFi-Based Indoor Positioning - Time of Arrival",
  journal 	= "IEEE Communications Magazine",
  pages     = "150-151",
  year      = "March 2015",    
  
}

@article{aoaerror,
  author    = "Chouchang Yang and Huai-Rong Shao",
  title     = "WiFi-Based Indoor Positioning - Angle of Arrival",
  pages     = "150-151",
  journal 	= "IEEE Communications Magazine",
  year      = "March 2015",    
  
}

@article{hybrid,
  author    = "Chouchang Yang and Huai-Rong Shao",
  title     = "WiFi-Based Indoor Positioning - Hybrid ToA/AoA",
  journal 	= "IEEE Communications Magazine",
  pages     = "150-151",
  year      = "March 2015",    
  
}

@article{rss,
  author    = "Chouchang Yang and Huai-Rong Shao",
  title     = "WiFi-Based Indoor Positioning - RSS and Fingerprint",
  journal 	= "IEEE Communications Magazine",
  pages     = "150-151",
  year      = "March 2015",    
  
}

@article{superreso,
  author    = "Chouchang Yang and Huai-Rong Shao",
  title     = "WiFi-Based Indoor Positioning - Super-resoultion ToA and Performance Improvement",
  journal 	= "IEEE Communications Magazine",
  pages     = "152",
  year      = "March 2015",    
  
}

@article{improvetoa,
  author    = "Chouchang Yang and Huai-Rong Shao",
  title     = "WiFi-Based Indoor Positioning - Super-resoultion ToA and Performance Improvement",
  journal 	= "IEEE Communications Magazine",
  pages     = "152-153",
  year      = "March 2015",    
  
}

@article{jade,
  author    = "M. Vanderveen and C. Papadias and A. Paulraj",
  title     = "Joint Angle and Delay Estimation (JADE) for Multipath Signals Arriving at anAntenna Array",
  journal 	= "IEEE Commun. Letters, vol. 1, no. 1",
  pages     = "12-14",
  year      = "Jan 1997",    
  
}

@article{aoaproblems,
  author    = "Chouchang Yang and Huai-Rong Shao",
  title     = "WiFi-Based Indoor Positioning - AoA Constraints",
  journal 	= "IEEE Communications Magazine",
  pages     = "154",
  year      = "March 2015",    
  
}

@article{improveaoa,
  author    = "Chouchang Yang and Huai-Rong Shao",
  title     = "WiFi-Based Indoor Positioning - AoA Constraints",
  journal 	= "IEEE Communications Magazine",
  pages     = "154",
  year      = "March 2015",    
  
}

@article{design,
  author    = "Chouchang Yang and Huai-Rong Shao",
  title     = "WiFi-Based Indoor Positioning - The WiFi-Based Indoor Positioning System",
  journal 	= "IEEE Communications Magazine",
  pages     = "154-155",
  year      = "March 2015",    
  
}

@article{localprocedure,
  author    = "Chouchang Yang and Huai-Rong Shao",
  title     = "WiFi-Based Indoor Positioning - Localization Procedure",
  journal 	= "IEEE Communications Magazine",
  pages     = "155",
  year      = "March 2015",    
  
}

@article{conclusion,
  author    = "Chouchang Yang and Huai-Rong Shao",
  title     = "WiFi-Based Indoor Positioning - Conclusion",
  journal 	= "IEEE Communications Magazine",
  pages     = "156",
  year      = "March 2015",    
  
}

@article{blerssi,
  author    = "Y. X. Wang and Q. Ye and J. Cheng and L. Wang",
  title     = "RSSI-based Bluetooth Indoor Localization",
  journal 	= "11th International Conference on Mobile Ad-hoc and Sensor Networks",
  pages     = "165",
  year      = "2015",    
  
}

@article{gpsproblem,
  author    = "S. He and T. HU and S. H. Chan",
  title     = "Indoor Trilateration for Fingerprint-based Localization",
  journal 	= "13th ACM Conference",
  year      = "2015",    
  
}

@article{lil,
  author    = "Y. X. Wang and Q. Ye and J. Cheng and L. Wang",
  title     = "RSSI-based Bluetooth Indoor Localization - Low-Precision Indoor Localization",
  journal 	= "11th International Conference on Mobile Ad-hoc and Sensor Networks",
  pages     = "166",
  year      = "2015",    
  
}

@article{matrix,
  author    = "Y. X. Wang and Q. Ye and J. Cheng and L. Wang",
  title     = "RSSI-based Bluetooth Indoor Localization - Matrix-based determination",
  journal 	= "11th International Conference on Mobile Ad-hoc and Sensor Networks",
  pages     = "167",
  year      = "2015",    
  
}

@article{problemlil,
  author    = "Y. X. Wang and Q. Ye and J. Cheng and L. Wang",
  title     = "RSSI-based Bluetooth Indoor Localization - Low-Precision Indoor Localization limitations",
  journal 	= "11th International Conference on Mobile Ad-hoc and Sensor Networks",
  pages     = "168",
  year      = "2015",    
  
}

@article{filterrule,
  author    = "Wikipedia Contributors",
  title     = "68-95-99.7 rule",
  journal 	= "Wikipedia.org",    
}

@article{hil,
  author    = "Y. X. Wang and Q. Ye and J. Cheng and L. Wang",
  title     = "RSSI-based Bluetooth Indoor Localization - High-Precision Indoor Localization limitations",
  journal 	= "11th International Conference on Mobile Ad-hoc and Sensor Networks",
  pages     = "168",
  year      = "2015",    
  
}

@article{imu,
  author    = "A. Poulose and D. S. Eyobu and D.S. Han",
  title     = "An Indoor Position-Estimation Algorithm Using Smartphone IMU Sensor Data",
  journal 	= "IEEE Access Volume 7",
  pages     = "11165",
  year      = "2019",    
  
}

@article{euler,
  author    = "A. Poulose and D. S. Eyobu and D.S. Han",
  title     = "An Indoor Position-Estimation Algorithm Using Smartphone IMU Sensor Data - Euler Angle",
  journal 	= "IEEE Access Volume 7",
  pages     = "11167",
  year      = "2019",    
  
}

@article{tilting,
  author    = "A. Poulose and D. S. Eyobu and D.S. Han",
  title     = "An Indoor Position-Estimation Algorithm Using Smartphone IMU Sensor Data - Euler Angle",
  journal 	= "IEEE Access Volume 7",
  pages     = "11167",
  year      = "2019",    
  
}

@article{datacollect,
  author    = "A. Poulose and D. S. Eyobu and D.S. Han",
  title     = "An Indoor Position-Estimation Algorithm Using Smartphone IMU Sensor Data - Data Collection",
  journal 	= "IEEE Access Volume 7",
  pages     = "11168",
  year      = "2019",    
  
}

@article{kalmanfilter,
  author    = "P. Kim",
  title     = "Kalman Filter for Beginners: With MATLAB Examples.",
  year      = "2011",    
  
}

@article{kalmanalgo,
  author    = "A. Poulose and D. S. Eyobu and D.S. Han",
  title     = "An Indoor Position-Estimation Algorithm Using Smartphone IMU Sensor Data - Kalman Filter",
  journal 	= "IEEE Access Volume 7",
  pages     = "11169",
  year      = "2019",    
  
}

@article{pitchbased,
  author    = "E. M. Diaz and A. L. M. Gonzalez",
  title     = "Step detector and step length estimator for an inertial pocket navigation system",
  journal 	= "Proc. IPIN",
  pages     = "105-110",
  year      = "Oct 2014",    
  
}

@article{steplengthestimate,
  author    = "A. Poulose and D. S. Eyobu and D.S. Han",
  title     = "An Indoor Position-Estimation Algorithm Using Smartphone IMU Sensor Data - Step Length Estimation",
  journal 	= "IEEE Access Volume 7",
  pages     = "11171",
  year      = "2019",    
  
}

@article{eulerangle,
  author    = "X. Yuan and S. Yu and S. Zhang and G. Wang and S. Liu",
  title     = "Quaternion-based
unscented Kalman Filter for accurate indoor heading estimation using
wearable multi-sensor system",
  journal 	= "Sensors, vol. 15, no. 5",
  pages     = "10872-10890",
  year      = "May 2015",    
  
}

@article{lilkovi,
  author    = "L. Ilkovi£ová and P. Kajánek and A. Kopá£ik",
  title     = "Pedestrian indoor positioning
and tracking using smartphone sensors, step detection and map matching
algorithm",
  journal 	= "Proc. Int. Symp. Eng. Geodesy, Varazdin, Croatia",
  pages     = "1-24",
  year      = "May 2016",    
  
}

@article{positionestimate,
  author    = "A. Poulose and D. S. Eyobu and D.S. Han",
  title     = "An Indoor Position-Estimation Algorithm Using Smartphone IMU Sensor Data - Position Estimate",
  journal 	= "IEEE Access Volume 7",
  pages     = "11171",
  year      = "2019",    
  
}

@misc{qrwiki,
   author = "Wikipedia",
   title = "{QR code} --- {W}ikipedia{,} The Free Encyclopedia",
   year = "2019",
   howpublished = {\url{http://en.wikipedia.org/w/index.php?title=QR\%20code&oldid=923252531}},
   note = "[Online; accessed 01-November-2019]"
 }

@misc{opencv,
   author = "Wikipedia",
   title = "{OpenCV} --- {W}ikipedia{,} The Free Encyclopedia",
   year = "2019",
   howpublished = {\url{http://en.wikipedia.org/w/index.php?title=OpenCV&oldid=913003647}},
   note = "[Online; accessed 01-November-2019]"
 }

@misc{zbar,
   author = "Wikipedia",
   title = "{ZBar} --- {W}ikipedia{,} The Free Encyclopedia",
   year = "2019",
   howpublished = {\url{http://en.wikipedia.org/w/index.php?title=ZBar&oldid=890593886}},
   note = "[Online; accessed 01-November-2019]"
 }
 
@article{qrcodelm,
  author    = "Z. Q. Li and J. H. Huang",
  title     = "Study on the Use of Q-R Codes as Landmarks for Indoor Positioning: Preliminary Results",
  journal 	= "IEEE",
  pages     = "1270",
  year      = "2018",    
  
}

@article{opencvusage,
  author    = "Z. Q. Li and J. H. Huang",
  title     = "Study on the Use of Q-R Codes as Landmarks for Indoor Positioning: Preliminary Results",
  journal 	= "IEEE",
  pages     = "1271",
  year      = "2018",    
  
}

@article{3d,
  author    = "Z. Q. Li and J. H. Huang",
  title     = "Study on the Use of Q-R Codes as Landmarks for Indoor Positioning: Preliminary Results",
  journal 	= "IEEE",
  pages     = "1272",
  year      = "2018",    
  
}

@article{qrconclusion,
  author    = "Z. Q. Li and J. H. Huang",
  title     = "Study on the Use of Q-R Codes as Landmarks for Indoor Positioning: Preliminary Results",
  journal 	= "IEEE",
  pages     = "1275",
  year      = "2018",    
  
}

@article{plie,
  author    = "O. Woodman and R. Harle",
  title     = "Pedestrian Localization for Indoor Environment",
  journal 	= "Proc. of the 10th International Conference on Ubiiquitous Computing - UbiComp '08",
  year      = "2008",    
  
}

@article{wireless,
  author    = "L. Klingbeil and T. Wark",
  title     = "A Wireless Sensor Network for Real-Time Indoor Localization and Motion Monitoring",
  journal 	= "International Conference on Information Processing in Sensor Networks (IPSN 2008)",
  year      = "2008",    
  
}








